<record><leader>00000cas a22000007a 4500</leader><controlfield tag="001">9834109</controlfield><controlfield tag="008">830822d18551855nyudr ne      0    0eng d</controlfield><datafield ind1=" " ind2=" " tag="010"><subfield code="a">sn 83031213 </subfield></datafield><datafield ind1=" " ind2=" " tag="040"><subfield code="a">NPU</subfield><subfield code="b">eng</subfield><subfield code="c">NPU</subfield><subfield code="d">DLC</subfield><subfield code="d">NPX</subfield><subfield code="d">NYS</subfield><subfield code="d">OCL</subfield><subfield code="d">OCLCF</subfield><subfield code="d">OCLCO</subfield></datafield><datafield ind1="1" ind2=" " tag="029"><subfield code="a">AU@</subfield><subfield code="b">000025831472</subfield></datafield><datafield ind1=" " ind2=" " tag="042"><subfield code="a">msc</subfield></datafield><datafield ind1="0" ind2="0" tag="050"><subfield code="a">Newspaper 8829-X</subfield></datafield><datafield ind1="0" ind2="0" tag="245"><subfield code="a">Camp Ward journal.</subfield></datafield><datafield ind1=" " ind2=" " tag="260"><subfield code="a">Kingston [N.Y.] :</subfield><subfield code="b">Romeyn &amp; Tobey,</subfield><subfield code="c">1855.</subfield></datafield><datafield ind1=" " ind2=" " tag="300"><subfield code="a">5 no. ;</subfield><subfield code="c">40 cm.</subfield></datafield><datafield ind1=" " ind2=" " tag="310"><subfield code="a">Daily</subfield></datafield><datafield ind1="0" ind2=" " tag="362"><subfield code="a">No. 1 (Aug. 20, 1855)-no. 5 (Aug. 24, 1855).</subfield></datafield><datafield ind1=" " ind2="0" tag="651"><subfield code="a">Kingston (N.Y.)</subfield><subfield code="v">Newspapers.</subfield></datafield><datafield ind1=" " ind2="7" tag="655"><subfield code="a">Newspapers.</subfield><subfield code="2">fast</subfield><subfield code="0">(OCoLC)fst01423814</subfield></datafield><datafield ind1=" " ind2="7" tag="651"><subfield code="a">New York (State)</subfield><subfield code="z">Kingston.</subfield><subfield code="2">fast</subfield><subfield code="0">(OCoLC)fst01208819</subfield></datafield><datafield ind1=" " ind2=" " tag="752"><subfield code="a">United States</subfield><subfield code="b">New York</subfield><subfield code="c">Ulster</subfield><subfield code="d">Kingston.</subfield></datafield><datafield ind1="1" ind2=" " tag="710"><subfield code="a">New York (State).</subfield><subfield code="b">Militia.</subfield><subfield code="b">Division, 2nd.</subfield></datafield><datafield ind1="0" ind2="0" tag="780"><subfield code="t">Camp Worth journal</subfield><subfield code="w">(DLC)sn 83031215</subfield></datafield></record>